@article{BAR01,
  title={Rigid body simulation},
  author={Baraff, David},
  journal={SIGGRAPH Course Notes 1992},
  volume={19},
  year={2001},
  publisher={Citeseer}
}

@article{GOU09,
  title={Fluid simulation for video games (part 3)},
  author={Gourlay, Michael J},
  journal={Intel online articles},
  year={2009}
}

@article{CAR04,
  title={Rigid fluid: animating the interplay between rigid bodies and fluid},
  author={Carlson, Mark and Mucha, Peter J and Turk, Greg},
  journal={ACM Transactions on Graphics (TOG)},
  volume={23},
  number={3},
  pages={377--384},
  year={2004},
  publisher={ACM New York, NY, USA}
}

@article{AKI12,
  title={Versatile rigid-fluid coupling for incompressible SPH},
  author={Akinci, Nadir and Ihmsen, Markus and Akinci, Gizem and Solenthaler, Barbara and Teschner, Matthias},
  journal={ACM Transactions on Graphics (TOG)},
  volume={31},
  number={4},
  pages={1--8},
  year={2012},
  publisher={ACM New York, NY, USA}
}

@incollection{GER13,
  title={Enhancements to model-reduced fluid simulation},
  author={Gerszewski, Dan and Kavan, Ladislav and Sloan, Peter-Pike and Bargteil, Adam W},
  booktitle={Proceedings of Motion on Games},
  pages={223--228},
  year={2013}
}

@inproceedings{BAJ20,
  title={Realistic Buoyancy Model for Real-Time Applications},
  author={Bajo, Juan M and Patow, Gustavo and Delrieux, Claudio A},
  booktitle={Computer Graphics Forum},
  volume={39},
  number={6},
  pages={217--231},
  year={2020},
  organization={Wiley Online Library}
}