@article{BAR01,
  title={Rigid body simulation},
  author={Baraff, David},
  journal={SIGGRAPH Course Notes 1992},
  volume={19},
  year={2001},
  publisher={Citeseer}
}

@article{GOU09,
  title={Fluid simulation for video games (part 3)},
  author={Gourlay, Michael J},
  journal={Intel online articles},
  year={2009}
}

@article{wang2024physics,
  title={Physics-based fluid simulation in computer graphics: Survey, research trends, and challenges},
  author={Wang, Xiaokun and Xu, Yanrui and Liu, Sinuo and Ren, Bo and Kosinka, Ji{\v{r}}{\'\i} and Telea, Alexandru C and Wang, Jiamin and Song, Chongming and Chang, Jian and Li, Chenfeng and others},
  journal={Computational Visual Media},
  pages={1--56},
  year={2024},
  publisher={Springer}
}

@article{CAR04,
  title={Rigid fluid: animating the interplay between rigid bodies and fluid},
  author={Carlson, Mark and Mucha, Peter J and Turk, Greg},
  journal={ACM Transactions on Graphics (TOG)},
  volume={23},
  number={3},
  pages={377--384},
  year={2004},
  publisher={ACM New York, NY, USA}
}

@article{AKI12,
  title={Versatile rigid-fluid coupling for incompressible SPH},
  author={Akinci, Nadir and Ihmsen, Markus and Akinci, Gizem and Solenthaler, Barbara and Teschner, Matthias},
  journal={ACM Transactions on Graphics (TOG)},
  volume={31},
  number={4},
  pages={1--8},
  year={2012},
  publisher={ACM New York, NY, USA}
}

@incollection{GER13,
  title={Enhancements to model-reduced fluid simulation},
  author={Gerszewski, Dan and Kavan, Ladislav and Sloan, Peter-Pike and Bargteil, Adam W},
  booktitle={Proceedings of Motion on Games},
  pages={223--228},
  year={2013}
}

@inproceedings{BAJ20,
  title={Realistic Buoyancy Model for Real-Time Applications},
  author={Bajo, Juan M and Patow, Gustavo and Delrieux, Claudio A},
  booktitle={Computer Graphics Forum},
  volume={39},
  number={6},
  pages={217--231},
  year={2020},
  organization={Wiley Online Library}
}

@article{macklin2014unified,
  title={Unified particle physics for real-time applications},
  author={Macklin, Miles and M{\"u}ller, Matthias and Chentanez, Nuttapong and Kim, Tae-Yong},
  journal={ACM Transactions on Graphics (TOG)},
  volume={33},
  number={4},
  pages={1--12},
  year={2014},
  publisher={ACM New York, NY, USA}
}

@article{teng2016eulerian,
  title={Eulerian solid-fluid coupling},
  author={Teng, Yun and Levin, David IW and Kim, Theodore},
  journal={ACM Transactions on Graphics (TOG)},
  volume={35},
  number={6},
  pages={1--8},
  year={2016},
  publisher={ACM New York, NY, USA}
}

@article{bierman2003reconsidering,
  title={Reconsidering archimedes' principle},
  author={Bierman, Jeffrey and Kincanon, Eric},
  journal={PHYSICS TEACHER},
  volume={41},
  number={6},
  pages={340--344},
  year={2003},
  publisher={American Association of Physics Teachers}
}

@article{mohazzab2017archimedes,
  title={Archimedesâ€™ principle revisited},
  author={Mohazzab, Pirooz},
  journal={Journal of Applied Mathematics and Physics},
  volume={5},
  number={4},
  pages={836--843},
  year={2017},
  publisher={Scientific Research Publishing}
}

@article{pfeffer1986divergence,
  title={The divergence theorem},
  author={Pfeffer, WF},
  journal={Transactions of the American Mathematical Society},
  volume={295},
  number={2},
  pages={665--685},
  year={1986}
}

@phdthesis{klosek1997integration,
  title={The integration of fluid dynamics with a discrete-element modelling system: Algorithms, implementation, and applications},
  author={Klosek, Justin Thayer},
  year={1997},
  school={Massachusetts Institute of Technology}
}

@article{james1980monte,
  title={Monte Carlo theory and practice},
  author={James, Frederick},
  journal={Reports on progress in Physics},
  volume={43},
  number={9},
  pages={1145},
  year={1980},
  publisher={IOP Publishing}
}

@article{kroese2014monte,
  title={Why the Monte Carlo method is so important today},
  author={Kroese, Dirk P and Brereton, Tim and Taimre, Thomas and Botev, Zdravko I},
  journal={Wiley Interdisciplinary Reviews: Computational Statistics},
  volume={6},
  number={6},
  pages={386--392},
  year={2014},
  publisher={Wiley Online Library}
}

@inproceedings{ebeida2012uniform,
  title={Uniform random Voronoi meshes},
  author={Ebeida, Mohamed S and Mitchell, Scott A},
  booktitle={Proceedings of the 20th international meshing roundtable},
  pages={273--290},
  year={2012},
  organization={Springer}
}

@article{waldron1985study,
  title={A study of the Jacobian matrix of serial manipulators},
  author={Waldron, KJ and Wang, Shih-Liang and Bolin, SJ},
  year={1985}
}

@book{mirtich1996impulse,
  title={Impulse-based dynamic simulation of rigid body systems},
  author={Mirtich, Brian Vincent},
  year={1996},
  publisher={University of California, Berkeley}
}


@article{wadell1934coefficient,
  title={The coefficient of resistance as a function of Reynolds number for solids of various shapes},
  author={Wadell, Hakon},
  journal={Journal of the Franklin Institute},
  volume={217},
  number={4},
  pages={459--490},
  year={1934},
  publisher={Elsevier}
}

@article{flemmer1986drag,
  title={On the drag coefficient of a sphere},
  author={Flemmer, Rory LC and Banks, CL},
  journal={Powder Technology},
  volume={48},
  number={3},
  pages={217--221},
  year={1986},
  publisher={Elsevier}
}

@article{trouton1906coefficient,
  title={On the coefficient of viscous traction and its relation to that of viscosity},
  author={Trouton, Frederick Thomas},
  journal={Proceedings of the Royal Society of London. Series A, Containing Papers of a Mathematical and Physical Character},
  volume={77},
  number={519},
  pages={426--440},
  year={1906},
  publisher={The Royal Society London}
}

@article{blinn2003lines,
  title={Lines in space: Part 1: The 4D cross product [Jim Blinn's Corner]},
  author={Blinn, James F},
  journal={IEEE Computer Graphics and Applications},
  volume={23},
  number={2},
  pages={84--91},
  year={2003},
  publisher={IEEE}
}

@inproceedings{kellomaki2012water,
  title={Water simulation methods for games: a comparison},
  author={Kellom{\"a}ki, Timo},
  booktitle={Proceeding of the 16th International Academic MindTrek Conference},
  pages={10--14},
  year={2012}
}

@online{RedditAssassin,
  author={u/MEANGENEISTAKEN},
  title={[Assassin's Creed IV: Black Flag] The best boat physics in a game to-date},
  year={2018},
  url={https://www.reddit.com/r/GamePhysics/comments/8ivpwq/assassins_creed_iv_black_flag_the_best_boat/},
  urldate={2024-06-07}
}

@book{sweetser2006emergent,
  title={An emergent approach to game design: Development and play},
  author={Sweetser, Penelope},
  year={2006},
  publisher={Citeseer}
}

@inproceedings{sugimoto2024velocity,
  title={Velocity-based monte carlo fluids},
  author={Sugimoto, Ryusuke and Batty, Christopher and Hachisuka, Toshiya},
  booktitle={ACM SIGGRAPH 2024 Conference Papers},
  pages={1--11},
  year={2024}
}

@article{rioux2022monte,
  title={A monte carlo method for fluid simulation},
  author={Rioux-Lavoie, Damien and Sugimoto, Ryusuke and {\"O}zdemir, T{\"u}may and Shimada, Naoharu H and Batty, Christopher and Nowrouzezahrai, Derek and Hachisuka, Toshiya},
  journal={ACM Transactions on Graphics (TOG)},
  volume={41},
  number={6},
  pages={1--16},
  year={2022},
  publisher={ACM New York, NY, USA}
}
